
@book{Murray:1913,
  title={A History of Chess},
  author={Murray, H.J.R.},
  year={1913}
}

@book{Kopec:2016,
	author = {Kopec, Danny and Pileggi, Christopher and Ungar, David and Shetty, Shweta},
	title = {Artificial Intelligence and Problem Solving},
	year = {2016},
	publisher = {Mercury Learning \& Information}
}

@book{Euler:1759,
	author={Euler,Leonhard},
	title={Solution d'une question curieuse que ne paroit soumise a aucune analyse },
	journal={Mémoires de l'Academie Royale des Sciences et Belles Lettres},
	year={1759},
}

﻿@book{Xiaoyong:2017,
	author={Xiaoyong, Ji
	and Sen, Bai
	and Guibin, Zhu
	and Bing, Yan},
	title={Image encryption and compression based on the generalized knight's tour, discrete cosine transform and chaotic maps},
	journal={Multimedia Tools and Applications},
	year={2017},
}

@book{Laaksonen:2017,
	author="Laaksonen, Antti",
	title="Advanced Graph Algorithms",
	bookTitle="Guide to Competitive Programming: Learning and Improving Algorithms Through Contests",
	year="2017",
	publisher="Springer International Publishing",
	pages="189--209",
}



@book{Uehara:2019,
	author="Uehara, Ryuhei",
	title="First Course in Algorithms Through Puzzles",
	year="2019",
	publisher="Springer Singapore",
}


@book{Gardner:2006,
	author={Gardner, Martin},
	title={Mathematical games: problems that are built on the knight's move in chess},
	publisher={Scientific American},
	year={1967},
	pages={128--132}
}


@book{Winston:1994,
	title={Operations Research: Applications and Algorithms},
  	author={Winston, W.L.},
  	year={1994},
	publisher={International Thomson Pub.}
}


@book{HillierLiebermann:1991,
	title={Introducci{\'o}n a la investigaci{\'o}n de operaciones},
	author={Hillier, F.S. and Lieberman, G.J. and Osuna, M.G.},
  	year={1991},
	publisher={McGraw-Hill}
}

@book{Rardin:1998,
	title={Optimization in operations research},
	author={Rardin, R.L.},
	year={1998},
	publisher={Prentice Hall}
}

@book{Taha:1998,
	title={Investigaci{\'o}n de Operaciones},
	author={Taha, H.A. and Pozo, V.G.},
	year={2004},
	publisher={Pearson Educaci{\'o}n}
}

@book{AndersonSweeneyWilliams:1999,
	title={An Introduction to Management Science: Quantitative Approaches to Decision Making},
	author={David R. Anderson, Dennis J. Swenney, Thomas A. Williams \& J. Loucks},
	year={1999},
	publisher={West Publishing Company}
}
